@article{Bolme2010VisualOT,
  title={Visual object tracking using adaptive correlation filters},
  author={David S. Bolme and J. Ross Beveridge and Bruce A. Draper and Yui Man Lui},
  journal={2010 IEEE Computer Society Conference on Computer Vision and Pattern Recognition},
  year={2010},
  pages={2544-2550}
}

@inproceedings{Danelljan2014AccurateSE,
  title={Accurate Scale Estimation for Robust Visual Tracking},
  author={Martin Danelljan and Gustav H{\"a}ger and Fahad Shahbaz Khan and Michael Felsberg},
  booktitle={BMVC},
  year={2014}
}

@article{Henriques2015HighSpeedTW,
  title={High-Speed Tracking with Kernelized Correlation Filters},
  author={Jo{\~a}o F. Henriques and Rui Caseiro and Pedro Martins and Jorge Batista},
  journal={IEEE Transactions on Pattern Analysis and Machine Intelligence},
  year={2015},
  volume={37},
  pages={583-596}
}

@inproceedings{Li2014ASA,
  title={A Scale Adaptive Kernel Correlation Filter Tracker with Feature Integration},
  author={Yang Li and Jianke Zhu},
  booktitle={ECCV Workshops},
  year={2014}
}

@article{Lukezic2017DiscriminativeCF,
  title={Discriminative Correlation Filter Tracker with Channel and Spatial Reliability},
  author={Alan Lukezic and Tom{\'a}s Voj{\'i}r and Luka Cehovin Zajc and Jiri Matas and Matej Kristan},
  journal={2017 IEEE Conference on Computer Vision and Pattern Recognition (CVPR)},
  year={2017},
  pages={4847-4856}
}

@inproceedings{Pinheiro2015LearningTS,
  title={Learning to Segment Object Candidates},
  author={Pedro H. O. Pinheiro and Ronan Collobert and Piotr Doll{\'a}r},
  booktitle={NIPS},
  year={2015}
}

@inproceedings{Lin2014MicrosoftCC,
  title={Microsoft COCO: Common Objects in Context},
  author={Tsung-Yi Lin and Michael Maire and Serge J. Belongie and Lubomir D. Bourdev and Ross B. Girshick and James Hays and Pietro Perona and Deva Ramanan and Piotr Doll{\'a}r and C. Lawrence Zitnick},
  booktitle={ECCV},
  year={2014}
}

@article{Kristan2015TheVO,
  title={The Visual Object Tracking VOT2015 Challenge Results},
  author={Matej Kristan and Jiri Matas and Alex0161 Leonardis and Michael Felsberg and Luka Cehovin and Gustavo Fern{\'a}ndez and Tom{\'a}s Voj{\'i}r and Gustav H{\"a}ger and Georg Nebehay and Roman P. Pflugfelder},
  journal={2015 IEEE International Conference on Computer Vision Workshop (ICCVW)},
  year={2015},
  pages={564-586}
}

@inproceedings{Kristan2016TheVO,
  title={The Visual Object Tracking VOT2016 Challenge Results},
  author={Matej Kristan and others},
  booktitle={ECCV Workshops},
  year={2016}
}

@article{Huang2018GOT10kAL,
  title={GOT-10k: A Large High-Diversity Benchmark for Generic Object Tracking in the Wild},
  author={Lianghua Huang and Xin Zhao and Kaiqi Huang},
  journal={CoRR},
  year={2018},
  volume={abs/1810.11981}
}

@inproceedings{Perazzi2016,
  author = {F. Perazzi and J. Pont-Tuset and B. McWilliams and L. {Van Gool} and M. Gross and A. Sorkine-Hornung},
  title = {A Benchmark Dataset and Evaluation Methodology for Video Object Segmentation},
  booktitle = {Computer Vision and Pattern Recognition},
  year = {2016}
}

@article{Valmadre2017EndtoEndRL,
  title={End-to-End Representation Learning for Correlation Filter Based Tracking},
  author={Jack Valmadre and Luca Bertinetto and Jo{\~a}o F. Henriques and Andrea Vedaldi and Philip H. S. Torr},
  journal={2017 IEEE Conference on Computer Vision and Pattern Recognition (CVPR)},
  year={2017},
  pages={5000-5008}
}

@article{Danelljan2017ECOEC,
  title={ECO: Efficient Convolution Operators for Tracking},
  author={Martin Danelljan and Goutam Bhat and Fahad Shahbaz Khan and Michael Felsberg},
  journal={2017 IEEE Conference on Computer Vision and Pattern Recognition (CVPR)},
  year={2017},
  pages={6931-6939}
}

@inproceedings{Galoogahi2017LearningBC,
  title={Learning Background-Aware Correlation Filters for Visual Tracking},
  author={Hamed Kiani Galoogahi and Ashton Fagg and Simon Lucey},
  booktitle={ICCV 2017},
  year={2017}
}

@inproceedings{Zhang2014MEEMRT,
  title={MEEM: Robust Tracking via Multiple Experts Using Entropy Minimization},
  author={Jianming Zhang and Shugao Ma and Stan Sclaroff},
  booktitle={ECCV},
  year={2014}
}

@article{Possegger2015InDO,
  title={In defense of color-based model-free tracking},
  author={Horst Possegger and Thomas Mauthner and Horst Bischof},
  journal={2015 IEEE Conference on Computer Vision and Pattern Recognition (CVPR)},
  year={2015},
  pages={2113-2120}
}

@inproceedings{Danelljan2014AccurateSE,
  title={Accurate Scale Estimation for Robust Visual Tracking},
  author={Martin Danelljan and Gustav H{\"a}ger and Fahad Shahbaz Khan and Michael Felsberg},
  booktitle={BMVC},
  year={2014}
}

@inproceedings{Li2014ASA,
  title={A Scale Adaptive Kernel Correlation Filter Tracker with Feature Integration},
  author={Yang Li and Jianke Zhu},
  booktitle={ECCV Workshops},
  year={2014}
}

@inproceedings{Bertinetto2016StapleC,
  title={Staple : Complementary Learners for Real-Time Tracking Supplementary material},
  author={Luca Bertinetto and Jack Valmadre and Stuart Golodetz and Ondrej Miksik and Philip H. S. Torr},
  year={2016}
}

@article{Danelljan2016AdaptiveDO,
  title={Adaptive Decontamination of the Training Set: A Unified Formulation for Discriminative Visual Tracking},
  author={Martin Danelljan and Gustav H{\"a}ger and Fahad Shahbaz Khan and Michael Felsberg},
  journal={2016 IEEE Conference on Computer Vision and Pattern Recognition (CVPR)},
  year={2016},
  pages={1430-1438}
}

@article{Danelljan2015LearningSR,
  title={Learning Spatially Regularized Correlation Filters for Visual Tracking},
  author={Martin Danelljan and Gustav H{\"a}ger and Fahad Shahbaz Khan and Michael Felsberg},
  journal={2015 IEEE International Conference on Computer Vision (ICCV)},
  year={2015},
  pages={4310-4318}
}

@article{Danelljan2017DiscriminativeSS,
  title={Discriminative Scale Space Tracking},
  author={Martin Danelljan and Gustav H{\"a}ger and Fahad Shahbaz Khan and Michael Felsberg},
  journal={IEEE Transactions on Pattern Analysis and Machine Intelligence},
  year={2017},
  volume={39},
  pages={1561-1575}
}

@inproceedings{Henriques2012ExploitingTC,
  title={Exploiting the Circulant Structure of Tracking-by-Detection with Kernels},
  author={Jo{\~a}o F. Henriques and Rui Caseiro and Pedro Martins and Jorge P. Batista},
  booktitle={ECCV},
  year={2012}
}

@article{Bao2012RealTR,
  title={Real time robust L1 tracker using accelerated proximal gradient approach},
  author={Chenglong Bao and Yi Wu and Haibin Ling and Hui Ji},
  journal={2012 IEEE Conference on Computer Vision and Pattern Recognition},
  year={2012},
  pages={1830-1837}
}

@inproceedings{Shi1994GoodFT,
  title={Good features to track},
  author={Jianbo Shi and Carlo Tomasi},
  booktitle={CVPR},
  year={1994}
}

@article{Ross2007IncrementalLF,
  title={Incremental Learning for Robust Visual Tracking},
  author={David A. Ross and Jongwoo Lim and Ruei-Sung Lin and Ming-Hsuan Yang},
  journal={International Journal of Computer Vision},
  year={2007},
  volume={77},
  pages={125-141}
}

@article{Nam2016LearningMC,
  title={Learning Multi-domain Convolutional Neural Networks for Visual Tracking},
  author={Hyeonseob Nam and Bohyung Han},
  journal={2016 IEEE Conference on Computer Vision and Pattern Recognition (CVPR)},
  year={2016},
  pages={4293-4302}
}

@article{Wang2015VisualTW,
  title={Visual Tracking with Fully Convolutional Networks},
  author={Lijun Wang and Wanli Ouyang and Xiaogang Wang and Huchuan Lu},
  journal={2015 IEEE International Conference on Computer Vision (ICCV)},
  year={2015},
  pages={3119-3127}
}

@article{Zhu2016BeyondLS,
  title={Beyond Local Search: Tracking Objects Everywhere with Instance-Specific Proposals},
  author={Gao Zhu and Fatih Murat Porikli and Hongdong Li},
  journal={2016 IEEE Conference on Computer Vision and Pattern Recognition (CVPR)},
  year={2016},
  pages={943-951}
}

@article{Danelljan2015ConvolutionalFF,
  title={Convolutional Features for Correlation Filter Based Visual Tracking},
  author={Martin Danelljan and Gustav H{\"a}ger and Fahad Shahbaz Khan and Michael Felsberg},
  journal={2015 IEEE International Conference on Computer Vision Workshop (ICCVW)},
  year={2015},
  pages={621-629}
}

@article{Hua2015OnlineOT,
  title={Online Object Tracking with Proposal Selection},
  author={Yang Hua and Karteek Alahari and Cordelia Schmid},
  journal={2015 IEEE International Conference on Computer Vision (ICCV)},
  year={2015},
  pages={3092-3100}
}

@article{Hare2011StruckSO,
  title={Struck: Structured Output Tracking with Kernels},
  author={Sam Hare and Stuart Golodetz and Amir Saffari and Vibhav Vineet and Ming-Ming Cheng and Stephen L. Hicks and Philip H. S. Torr},
  journal={IEEE Transactions on Pattern Analysis and Machine Intelligence},
  year={2011},
  volume={38},
  pages={2096-2109}
}

@article{Wang2018SiamMask,
title={Fast Online Object Tracking and Segmentation: A Unifying Approach},
author={Wang, Qiang and Zhang, Li and Bertinetto, Luca and Hu, Weiming and Torr, Philip HS},
journal={arXiv preprint arXiv:1812.05050},
year={2018}
}

@article{He2016DeepRL,
  title={Deep Residual Learning for Image Recognition},
  author={Kaiming He and Xiangyu Zhang and Shaoqing Ren and Jian Sun},
  journal={2016 IEEE Conference on Computer Vision and Pattern Recognition (CVPR)},
  year={2016},
  pages={770-778}
}

@article{Danelljan2014AdaptiveCA,
  title={Adaptive Color Attributes for Real-Time Visual Tracking},
  author={Martin Danelljan and Fahad Shahbaz Khan and Michael Felsberg and Joost van de Weijer},
  journal={2014 IEEE Conference on Computer Vision and Pattern Recognition},
  year={2014},
  pages={1090-1097}
}

@article{kalal2011tracking,
  title={Tracking-learning-detection},
  author={Kalal, Zdenek and Mikolajczyk, Krystian and Matas, Jiri},
  journal={IEEE transactions on pattern analysis and machine intelligence},
  volume={34},
  number={7},
  pages={1409--1422},
  year={2011},
  publisher={IEEE}
}

@article{Forsyth2014ObjectDW,
  title={Object Detection with Discriminatively Trained Part-Based Models},
  author={David A. Forsyth},
  journal={IEEE Computer},
  year={2014},
  volume={47},
  pages={6-7}
}

@article{Weijer2009LearningCN,
  title={Learning Color Names for Real-World Applications},
  author={Joost van de Weijer and Cordelia Schmid and Jakob J. Verbeek and Diane Larlus},
  journal={IEEE Transactions on Image Processing},
  year={2009},
  volume={18},
  pages={1512-1523}
}

@article{Goodfellow2015DeepL,
  title={Deep Learning},
  author={Ian J. Goodfellow and Yoshua Bengio and Aaron C. Courville},
  journal={Nature},
  year={2015},
  volume={521},
  pages={436-444}
}

@article{Girshick2016RegionBasedCN,
  title={Region-Based Convolutional Networks for Accurate Object Detection and Segmentation},
  author={Ross B. Girshick and Jeff Donahue and Trevor Darrell and Jitendra Malik},
  journal={IEEE Transactions on Pattern Analysis and Machine Intelligence},
  year={2016},
  volume={38},
  pages={142-158}
}

@article{Schroff2015FaceNetAU,
  title={FaceNet: A unified embedding for face recognition and clustering},
  author={Florian Schroff and Dmitry Kalenichenko and James Philbin},
  journal={2015 IEEE Conference on Computer Vision and Pattern Recognition (CVPR)},
  year={2015},
  pages={815-823}
}

@article{Kim2016JointCB,
  title={Joint CTC-attention based end-to-end speech recognition using multi-task learning},
  author={Suyoun Kim and Takaaki Hori and Shinji Watanabe},
  journal={2017 IEEE International Conference on Acoustics, Speech and Signal Processing (ICASSP)},
  year={2016},
  pages={4835-4839}
}

@article{Wu2015DeepNN,
  title={Deep neural networks employing Multi-Task Learning and stacked bottleneck features for speech synthesis},
  author={Zhizheng Wu and Cassia Valentini-Botinhao and Oliver Watts and Simon King},
  journal={2015 IEEE International Conference on Acoustics, Speech and Signal Processing (ICASSP)},
  year={2015},
  pages={4460-4464}
}

@inproceedings{Vinyals2014GrammarAA,
  title={Grammar as a Foreign Language},
  author={Oriol Vinyals and Lukasz Kaiser and Terry K Koo and Slav Petrov and Ilya Sutskever and Geoffrey E. Hinton},
  booktitle={NIPS},
  year={2014}
}

@article{Bahdanau2014NeuralMT,
  title={Neural Machine Translation by Jointly Learning to Align and Translate},
  author={Dzmitry Bahdanau and Kyunghyun Cho and Yoshua Bengio},
  journal={CoRR},
  year={2014},
  volume={abs/1409.0473}
}

@inproceedings{Danelljan2016BeyondCF,
  title={Beyond Correlation Filters: Learning Continuous Convolution Operators for Visual Tracking},
  author={Martin Danelljan and Andreas Robinson and Fahad Shahbaz Khan and Michael Felsberg},
  booktitle={ECCV},
  year={2016}
}

@inproceedings{held2016learning,
  title={Learning to track at 100 fps with deep regression networks},
  author={Held, David and Thrun, Sebastian and Savarese, Silvio},
  booktitle={European Conference on Computer Vision},
  pages={749--765},
  year={2016},
  organization={Springer}
}

@inproceedings{bertinetto2016fully,
  title={Fully-convolutional siamese networks for object tracking},
  author={Bertinetto, Luca and Valmadre, Jack and Henriques, Joao F and Vedaldi, Andrea and Torr, Philip HS},
  booktitle={European conference on computer vision},
  pages={850--865},
  year={2016},
  organization={Springer}
}

@article{Li2018HighPV,
  title={High Performance Visual Tracking with Siamese Region Proposal Network},
  author={Bao Qin Li and Junjie Yan and Wei Wu and Zheng Zhu and Xiaolin Hu},
  journal={2018 IEEE/CVF Conference on Computer Vision and Pattern Recognition},
  year={2018},
  pages={8971-8980}
}

@inproceedings{zhu2018distractor,
  title={Distractor-aware siamese networks for visual object tracking},
  author={Zhu, Zheng and Wang, Qiang and Li, Bo and Wu, Wei and Yan, Junjie and Hu, Weiming},
  booktitle={Proceedings of the European Conference on Computer Vision (ECCV)},
  pages={101--117},
  year={2018}
}

@article{Fan2016SANetSN,
  title={SANet: Structure-Aware Network for Visual Tracking},
  author={Heng Fan and Haibin Ling},
  journal={2017 IEEE Conference on Computer Vision and Pattern Recognition Workshops (CVPRW)},
  year={2016},
  pages={2217-2224}
}

@inproceedings{fan2017parallel,
  title={Parallel tracking and verifying: A framework for real-time and high accuracy visual tracking},
  author={Fan, Heng and Ling, Haibin},
  booktitle={Proceedings of the IEEE International Conference on Computer Vision},
  pages={5486--5494},
  year={2017}
}

@inproceedings{supancic2017tracking,
  title={Tracking as online decision-making: Learning a policy from streaming videos with reinforcement learning},
  author={Supancic III, James and Ramanan, Deva},
  booktitle={Proceedings of the IEEE International Conference on Computer Vision},
  pages={322--331},
  year={2017}
}

@inproceedings{yun2017action,
  title={Action-decision networks for visual tracking with deep reinforcement learning},
  author={Yun, Sangdoo and Choi, Jongwon and Yoo, Youngjoon and Yun, Kimin and Young Choi, Jin},
  booktitle={Proceedings of the IEEE conference on computer vision and pattern recognition},
  pages={2711--2720},
  year={2017}
}